%YAML 1.1
%TAG !u! tag:unity3d.com,2011:
--- !u!1001 &100100000
Prefab:
  m_ObjectHideFlags: 1
  serializedVersion: 2
  m_Modification:
    m_TransformParent: {fileID: 0}
    m_Modifications: []
    m_RemovedComponents: []
  m_ParentPrefab: {fileID: 0}
  m_RootGameObject: {fileID: 1162207330397500}
  m_IsPrefabParent: 1
--- !u!1 &1034556852264766
GameObject:
  m_ObjectHideFlags: 1
  m_PrefabParentObject: {fileID: 0}
  m_PrefabInternal: {fileID: 100100000}
  serializedVersion: 5
  m_Component:
  - component: {fileID: 4610035511123418}
  m_Layer: 10
  m_Name: EyeL
  m_TagString: Untagged
  m_Icon: {fileID: 0}
  m_NavMeshLayer: 0
  m_StaticEditorFlags: 0
  m_IsActive: 1
--- !u!1 &1116290742928984
GameObject:
  m_ObjectHideFlags: 0
  m_PrefabParentObject: {fileID: 0}
  m_PrefabInternal: {fileID: 100100000}
  serializedVersion: 5
  m_Component:
  - component: {fileID: 4985513686900006}
  - component: {fileID: 137890493953032886}
  m_Layer: 10
  m_Name: FishSkin
  m_TagString: Untagged
  m_Icon: {fileID: 0}
  m_NavMeshLayer: 0
  m_StaticEditorFlags: 0
  m_IsActive: 1
--- !u!1 &1133600352304760
GameObject:
  m_ObjectHideFlags: 0
  m_PrefabParentObject: {fileID: 0}
  m_PrefabInternal: {fileID: 100100000}
  serializedVersion: 5
  m_Component:
  - component: {fileID: 4434919068351106}
  m_Layer: 10
  m_Name: Armature
  m_TagString: Untagged
  m_Icon: {fileID: 0}
  m_NavMeshLayer: 0
  m_StaticEditorFlags: 0
  m_IsActive: 1
--- !u!1 &1162207330397500
GameObject:
  m_ObjectHideFlags: 0
  m_PrefabParentObject: {fileID: 0}
  m_PrefabInternal: {fileID: 100100000}
  serializedVersion: 5
  m_Component:
  - component: {fileID: 4965987085869042}
  - component: {fileID: 95918514375082956}
  - component: {fileID: 114371808250988310}
  - component: {fileID: 54824664905265046}
  - component: {fileID: 65402207145254800}
  m_Layer: 10
  m_Name: Blowfish
  m_TagString: Untagged
  m_Icon: {fileID: 0}
  m_NavMeshLayer: 0
  m_StaticEditorFlags: 0
  m_IsActive: 1
--- !u!1 &1186206043270738
GameObject:
  m_ObjectHideFlags: 1
  m_PrefabParentObject: {fileID: 0}
  m_PrefabInternal: {fileID: 100100000}
  serializedVersion: 5
  m_Component:
  - component: {fileID: 4373176213109062}
  m_Layer: 10
  m_Name: EyeR
  m_TagString: Untagged
  m_Icon: {fileID: 0}
  m_NavMeshLayer: 0
  m_StaticEditorFlags: 0
  m_IsActive: 1
--- !u!1 &1192448856134206
GameObject:
  m_ObjectHideFlags: 0
  m_PrefabParentObject: {fileID: 0}
  m_PrefabInternal: {fileID: 100100000}
  serializedVersion: 5
  m_Component:
  - component: {fileID: 4163823957397014}
  - component: {fileID: 33383782525484732}
  - component: {fileID: 23195416182619640}
  m_Layer: 10
  m_Name: FreezeBlock (1)
  m_TagString: Untagged
  m_Icon: {fileID: 0}
  m_NavMeshLayer: 0
  m_StaticEditorFlags: 0
  m_IsActive: 0
--- !u!1 &1353453090174378
GameObject:
  m_ObjectHideFlags: 1
  m_PrefabParentObject: {fileID: 0}
  m_PrefabInternal: {fileID: 100100000}
  serializedVersion: 5
  m_Component:
  - component: {fileID: 4988112653681074}
  m_Layer: 10
  m_Name: Head
  m_TagString: Untagged
  m_Icon: {fileID: 0}
  m_NavMeshLayer: 0
  m_StaticEditorFlags: 0
  m_IsActive: 1
--- !u!1 &1400245777555234
GameObject:
  m_ObjectHideFlags: 1
  m_PrefabParentObject: {fileID: 0}
  m_PrefabInternal: {fileID: 100100000}
  serializedVersion: 5
  m_Component:
  - component: {fileID: 4181590536522596}
  m_Layer: 10
  m_Name: Base
  m_TagString: Untagged
  m_Icon: {fileID: 0}
  m_NavMeshLayer: 0
  m_StaticEditorFlags: 0
  m_IsActive: 1
--- !u!1 &1542626547854528
GameObject:
  m_ObjectHideFlags: 1
  m_PrefabParentObject: {fileID: 0}
  m_PrefabInternal: {fileID: 100100000}
  serializedVersion: 5
  m_Component:
  - component: {fileID: 4106487227902768}
  m_Layer: 10
  m_Name: FinnL
  m_TagString: Untagged
  m_Icon: {fileID: 0}
  m_NavMeshLayer: 0
  m_StaticEditorFlags: 0
  m_IsActive: 1
--- !u!1 &1563753449209634
GameObject:
  m_ObjectHideFlags: 0
  m_PrefabParentObject: {fileID: 0}
  m_PrefabInternal: {fileID: 100100000}
  serializedVersion: 5
  m_Component:
  - component: {fileID: 4088735362366372}
  - component: {fileID: 65177176427635612}
  - component: {fileID: 114730853669996982}
  m_Layer: 10
  m_Name: VaccumArea (1)
  m_TagString: Untagged
  m_Icon: {fileID: 0}
  m_NavMeshLayer: 0
  m_StaticEditorFlags: 0
  m_IsActive: 0
--- !u!1 &1592064956062538
GameObject:
  m_ObjectHideFlags: 1
  m_PrefabParentObject: {fileID: 0}
  m_PrefabInternal: {fileID: 100100000}
  serializedVersion: 5
  m_Component:
  - component: {fileID: 4445324960373614}
  m_Layer: 10
  m_Name: FinnR
  m_TagString: Untagged
  m_Icon: {fileID: 0}
  m_NavMeshLayer: 0
  m_StaticEditorFlags: 0
  m_IsActive: 1
--- !u!4 &4088735362366372
Transform:
  m_ObjectHideFlags: 1
  m_PrefabParentObject: {fileID: 0}
  m_PrefabInternal: {fileID: 100100000}
  m_GameObject: {fileID: 1563753449209634}
  m_LocalRotation: {x: -0, y: -0, z: -0, w: 1}
  m_LocalPosition: {x: 0, y: 0, z: 10}
  m_LocalScale: {x: 10, y: 5, z: 20}
  m_Children: []
  m_Father: {fileID: 4965987085869042}
  m_RootOrder: 3
  m_LocalEulerAnglesHint: {x: 0, y: 0, z: 0}
--- !u!4 &4106487227902768
Transform:
  m_ObjectHideFlags: 1
  m_PrefabParentObject: {fileID: 0}
  m_PrefabInternal: {fileID: 100100000}
  m_GameObject: {fileID: 1542626547854528}
  m_LocalRotation: {x: 0.31666628, y: 0.6829959, z: -0.4522462, w: -0.47823888}
  m_LocalPosition: {x: -0.41048992, y: -0.49999997, z: 0.11061361}
  m_LocalScale: {x: 0.9999999, y: 1, z: 0.99999994}
  m_Children: []
  m_Father: {fileID: 4181590536522596}
  m_RootOrder: 0
  m_LocalEulerAnglesHint: {x: 13.972083, y: -96.057594, z: 66.27573}
--- !u!4 &4163823957397014
Transform:
  m_ObjectHideFlags: 1
  m_PrefabParentObject: {fileID: 0}
  m_PrefabInternal: {fileID: 100100000}
  m_GameObject: {fileID: 1192448856134206}
  m_LocalRotation: {x: -0, y: -0, z: -0, w: 1}
  m_LocalPosition: {x: 0, y: 0, z: 0}
  m_LocalScale: {x: 3, y: 4.5, z: 3}
  m_Children: []
  m_Father: {fileID: 4965987085869042}
  m_RootOrder: 2
  m_LocalEulerAnglesHint: {x: 0, y: 0, z: 0}
--- !u!4 &4181590536522596
Transform:
  m_ObjectHideFlags: 1
  m_PrefabParentObject: {fileID: 0}
  m_PrefabInternal: {fileID: 100100000}
  m_GameObject: {fileID: 1400245777555234}
  m_LocalRotation: {x: 0.50000006, y: 0.49999997, z: -0.49999997, w: 0.50000006}
  m_LocalPosition: {x: -0, y: 0, z: -0.109959915}
  m_LocalScale: {x: 1, y: 1, z: 1}
  m_Children:
  - {fileID: 4106487227902768}
  - {fileID: 4445324960373614}
  - {fileID: 4988112653681074}
  m_Father: {fileID: 4434919068351106}
  m_RootOrder: 0
  m_LocalEulerAnglesHint: {x: 90, y: 89.999985, z: 0}
--- !u!4 &4373176213109062
Transform:
  m_ObjectHideFlags: 1
  m_PrefabParentObject: {fileID: 0}
  m_PrefabInternal: {fileID: 100100000}
  m_GameObject: {fileID: 1186206043270738}
  m_LocalRotation: {x: 0.000000120729, y: 0.020459473, z: -0.0000000024389613, w: 0.99979067}
  m_LocalPosition: {x: -0.52302754, y: 0.28600004, z: -0.44265395}
  m_LocalScale: {x: 0.99999994, y: 1, z: 0.9999999}
  m_Children: []
  m_Father: {fileID: 4988112653681074}
  m_RootOrder: 1
  m_LocalEulerAnglesHint: {x: 0.000013837345, y: 2.3446465, z: 0.0000000036212267}
--- !u!4 &4434919068351106
Transform:
  m_ObjectHideFlags: 1
  m_PrefabParentObject: {fileID: 0}
  m_PrefabInternal: {fileID: 100100000}
  m_GameObject: {fileID: 1133600352304760}
  m_LocalRotation: {x: -0.7071068, y: 0, z: -0, w: 0.7071068}
  m_LocalPosition: {x: -0, y: -0.062141925, z: 0}
  m_LocalScale: {x: 1, y: 1, z: 1}
  m_Children:
  - {fileID: 4181590536522596}
  m_Father: {fileID: 4965987085869042}
  m_RootOrder: 0
  m_LocalEulerAnglesHint: {x: -90, y: 0, z: 0}
--- !u!4 &4445324960373614
Transform:
  m_ObjectHideFlags: 1
  m_PrefabParentObject: {fileID: 0}
  m_PrefabInternal: {fileID: 100100000}
  m_GameObject: {fileID: 1592064956062538}
  m_LocalRotation: {x: -0.3166662, y: 0.682996, z: 0.45224622, w: -0.47823888}
  m_LocalPosition: {x: -0.41048983, y: 0.50000006, z: 0.11061361}
  m_LocalScale: {x: 1, y: 1, z: 1}
  m_Children: []
  m_Father: {fileID: 4181590536522596}
  m_RootOrder: 1
  m_LocalEulerAnglesHint: {x: -13.972083, y: -96.05759, z: -66.27572}
--- !u!4 &4610035511123418
Transform:
  m_ObjectHideFlags: 1
  m_PrefabParentObject: {fileID: 0}
  m_PrefabInternal: {fileID: 100100000}
  m_GameObject: {fileID: 1034556852264766}
  m_LocalRotation: {x: 0.000000120729, y: 0.020459473, z: -0.0000000024389613, w: 0.99979067}
  m_LocalPosition: {x: -0.5230276, y: -0.2855162, z: -0.44265395}
  m_LocalScale: {x: 0.99999994, y: 1, z: 0.9999999}
  m_Children: []
  m_Father: {fileID: 4988112653681074}
  m_RootOrder: 0
  m_LocalEulerAnglesHint: {x: 0.000013837345, y: 2.3446465, z: 0.0000000036212267}
--- !u!4 &4965987085869042
Transform:
  m_ObjectHideFlags: 1
  m_PrefabParentObject: {fileID: 0}
  m_PrefabInternal: {fileID: 100100000}
  m_GameObject: {fileID: 1162207330397500}
  m_LocalRotation: {x: -0, y: -0.99705404, z: -0, w: -0.07670261}
  m_LocalPosition: {x: 0.108, y: 0, z: -0.658}
  m_LocalScale: {x: 0.20000014, y: 0.2, z: 0.20000014}
  m_Children:
  - {fileID: 4434919068351106}
  - {fileID: 4985513686900006}
  - {fileID: 4163823957397014}
  - {fileID: 4088735362366372}
  m_Father: {fileID: 0}
  m_RootOrder: 0
  m_LocalEulerAnglesHint: {x: 0, y: -188.79799, z: 0}
--- !u!4 &4985513686900006
Transform:
  m_ObjectHideFlags: 1
  m_PrefabParentObject: {fileID: 0}
  m_PrefabInternal: {fileID: 100100000}
  m_GameObject: {fileID: 1116290742928984}
  m_LocalRotation: {x: 0, y: -0, z: -0, w: 1}
  m_LocalPosition: {x: -0, y: 0, z: 0.019627206}
  m_LocalScale: {x: 1, y: 1, z: 1}
  m_Children: []
  m_Father: {fileID: 4965987085869042}
  m_RootOrder: 1
  m_LocalEulerAnglesHint: {x: 0, y: 0, z: 0}
--- !u!4 &4988112653681074
Transform:
  m_ObjectHideFlags: 1
  m_PrefabParentObject: {fileID: 0}
  m_PrefabInternal: {fileID: 100100000}
  m_GameObject: {fileID: 1353453090174378}
  m_LocalRotation: {x: 0.000000047866447, y: 0.63401026, z: 1.1349011e-14, w: 0.77332467}
  m_LocalPosition: {x: -0.41048986, y: 0.000000030991124, z: 0}
  m_LocalScale: {x: 1.0000001, y: 1, z: 1}
  m_Children:
  - {fileID: 4610035511123418}
  - {fileID: 4373176213109062}
  m_Father: {fileID: 4181590536522596}
  m_RootOrder: 2
  m_LocalEulerAnglesHint: {x: 0.000004135768, y: 51.78099, z: 0.0000048507004}
--- !u!23 &23195416182619640
MeshRenderer:
  m_ObjectHideFlags: 1
  m_PrefabParentObject: {fileID: 0}
  m_PrefabInternal: {fileID: 100100000}
  m_GameObject: {fileID: 1192448856134206}
  m_Enabled: 1
  m_CastShadows: 1
  m_ReceiveShadows: 1
  m_MotionVectors: 1
  m_LightProbeUsage: 1
  m_ReflectionProbeUsage: 1
  m_Materials:
  - {fileID: 2100000, guid: c84c75abab29c3945b28bb53de965792, type: 2}
  m_StaticBatchInfo:
    firstSubMesh: 0
    subMeshCount: 0
  m_StaticBatchRoot: {fileID: 0}
  m_ProbeAnchor: {fileID: 0}
  m_LightProbeVolumeOverride: {fileID: 0}
  m_ScaleInLightmap: 1
  m_PreserveUVs: 1
  m_IgnoreNormalsForChartDetection: 0
  m_ImportantGI: 0
  m_SelectedEditorRenderState: 3
  m_MinimumChartSize: 4
  m_AutoUVMaxDistance: 0.5
  m_AutoUVMaxAngle: 89
  m_LightmapParameters: {fileID: 0}
  m_SortingLayerID: 0
  m_SortingLayer: 0
  m_SortingOrder: 0
--- !u!33 &33383782525484732
MeshFilter:
  m_ObjectHideFlags: 1
  m_PrefabParentObject: {fileID: 0}
  m_PrefabInternal: {fileID: 100100000}
  m_GameObject: {fileID: 1192448856134206}
  m_Mesh: {fileID: 10207, guid: 0000000000000000e000000000000000, type: 0}
--- !u!54 &54824664905265046
Rigidbody:
  m_ObjectHideFlags: 1
  m_PrefabParentObject: {fileID: 0}
  m_PrefabInternal: {fileID: 100100000}
  m_GameObject: {fileID: 1162207330397500}
  serializedVersion: 2
  m_Mass: 30
  m_Drag: 0
  m_AngularDrag: 0.05
  m_UseGravity: 1
  m_IsKinematic: 0
  m_Interpolate: 0
  m_Constraints: 126
  m_CollisionDetection: 1
--- !u!65 &65177176427635612
BoxCollider:
  m_ObjectHideFlags: 1
  m_PrefabParentObject: {fileID: 0}
  m_PrefabInternal: {fileID: 100100000}
  m_GameObject: {fileID: 1563753449209634}
  m_Material: {fileID: 0}
  m_IsTrigger: 1
  m_Enabled: 1
  serializedVersion: 2
  m_Size: {x: 1, y: 10, z: 1}
  m_Center: {x: 0, y: 0, z: 0}
--- !u!65 &65402207145254800
BoxCollider:
  m_ObjectHideFlags: 1
  m_PrefabParentObject: {fileID: 0}
  m_PrefabInternal: {fileID: 100100000}
  m_GameObject: {fileID: 1162207330397500}
  m_Material: {fileID: 0}
  m_IsTrigger: 0
  m_Enabled: 1
  serializedVersion: 2
  m_Size: {x: 1, y: 3.31, z: 1}
  m_Center: {x: 0, y: 0.61, z: 0}
--- !u!95 &95918514375082956
Animator:
  serializedVersion: 3
  m_ObjectHideFlags: 1
  m_PrefabParentObject: {fileID: 0}
  m_PrefabInternal: {fileID: 100100000}
  m_GameObject: {fileID: 1162207330397500}
  m_Enabled: 1
  m_Avatar: {fileID: 0}
  m_Controller: {fileID: 9100000, guid: 49023c24499750847b84682ed500ed9d, type: 2}
  m_CullingMode: 0
  m_UpdateMode: 0
  m_ApplyRootMotion: 0
  m_LinearVelocityBlending: 0
  m_WarningMessage: 
  m_HasTransformHierarchy: 1
  m_AllowConstantClipSamplingOptimization: 1
--- !u!114 &114371808250988310
MonoBehaviour:
  m_ObjectHideFlags: 1
  m_PrefabParentObject: {fileID: 0}
  m_PrefabInternal: {fileID: 100100000}
  m_GameObject: {fileID: 1162207330397500}
  m_Enabled: 1
  m_EditorHideFlags: 0
  m_Script: {fileID: 11500000, guid: 90a0ebc58b355f641b72989fd549a09c, type: 3}
  m_Name: 
  m_EditorClassIdentifier: 
  HP: 3
  speed: -1
  distanceToDetectPlayer: 20
  distanceToAttack: 200
  attackDelay: -1
  takeHitStaggerTime: 0.25
  knockbackRecoverSpeed: 9999
  hasTrueVision: 0
  canBeFrozen: 0
  freezeBlock: {fileID: 1192448856134206}
  vaccumArea: {fileID: 1563753449209634}
  vaccumTime: 4
  postVaccumRevealedTime: 1
  timeHidden: 3
  transitionTime: 0.75
  revealToVaccumTime: 1.5
--- !u!114 &114730853669996982
MonoBehaviour:
  m_ObjectHideFlags: 1
  m_PrefabParentObject: {fileID: 0}
  m_PrefabInternal: {fileID: 100100000}
  m_GameObject: {fileID: 1563753449209634}
  m_Enabled: 1
  m_EditorHideFlags: 0
  m_Script: {fileID: 11500000, guid: 45b2ffa9a63168e469a9a8103b81a978, type: 3}
  m_Name: 
  m_EditorClassIdentifier: 
  emitter: {fileID: 4965987085869042}
  intensity: 1
  drawsIn: 1
--- !u!137 &137890493953032886
SkinnedMeshRenderer:
  m_ObjectHideFlags: 1
  m_PrefabParentObject: {fileID: 0}
  m_PrefabInternal: {fileID: 100100000}
  m_GameObject: {fileID: 1116290742928984}
  m_Enabled: 1
  m_CastShadows: 1
  m_ReceiveShadows: 1
  m_MotionVectors: 1
  m_LightProbeUsage: 1
  m_ReflectionProbeUsage: 1
  m_Materials:
  - {fileID: 2100000, guid: c7c2d0d03d290d541b103d574499bfb1, type: 2}
  m_StaticBatchInfo:
    firstSubMesh: 0
    subMeshCount: 0
  m_StaticBatchRoot: {fileID: 0}
  m_ProbeAnchor: {fileID: 0}
  m_LightProbeVolumeOverride: {fileID: 0}
  m_ScaleInLightmap: 1
  m_PreserveUVs: 0
  m_IgnoreNormalsForChartDetection: 0
  m_ImportantGI: 0
  m_SelectedEditorRenderState: 3
  m_MinimumChartSize: 4
  m_AutoUVMaxDistance: 0.5
  m_AutoUVMaxAngle: 89
  m_LightmapParameters: {fileID: 0}
  m_SortingLayerID: 0
  m_SortingLayer: 0
  m_SortingOrder: 0
  serializedVersion: 2
  m_Quality: 0
  m_UpdateWhenOffscreen: 0
  m_SkinnedMotionVectors: 1
  m_Mesh: {fileID: 4300000, guid: d7860bab392794a4f86269c979051337, type: 3}
  m_Bones:
  - {fileID: 4181590536522596}
  - {fileID: 4988112653681074}
  - {fileID: 4610035511123418}
  - {fileID: 4373176213109062}
  - {fileID: 4106487227902768}
  - {fileID: 4445324960373614}
  m_BlendShapeWeights:
  - 100
  - 100
  m_RootBone: {fileID: 4181590536522596}
  m_AABB:
    m_Center: {x: -0.6247269, y: 0.00000023841858, z: -0.19784907}
    m_Extent: {x: 0.8195783, y: 1.690819, z: 1.0808511}
  m_DirtyAABB: 0
